%% This BibTeX bibliography file was created using BibDesk.
%% http://bibdesk.sourceforge.net/


%% Created for Linan Qiu at 2016-05-08 20:52:12 -0400 


%% Saved with string encoding Unicode (UTF-8) 



@article{neelakantan2015efficient,
	Author = {Neelakantan, Arvind and Shankar, Jeevan and Passos, Alexandre and McCallum, Andrew},
	Date-Added = {2016-05-08 23:03:24 +0000},
	Date-Modified = {2016-05-08 23:03:24 +0000},
	Journal = {arXiv preprint arXiv:1504.06654},
	Title = {Efficient non-parametric estimation of multiple embeddings per word in vector space},
	Year = {2015}}

@inproceedings{mikolov2013distributed,
	Author = {Mikolov, Tomas and Sutskever, Ilya and Chen, Kai and Corrado, Greg S and Dean, Jeff},
	Booktitle = {Advances in neural information processing systems},
	Date-Added = {2016-05-06 04:11:52 +0000},
	Date-Modified = {2016-05-06 04:11:52 +0000},
	Pages = {3111--3119},
	Title = {Distributed representations of words and phrases and their compositionality},
	Year = {2013}}
